<record><leader>00000cas a22000007a 4500</leader><controlfield tag="001">23231922</controlfield><controlfield tag="008">910312d19701972nyuen ne      0    0eng d</controlfield><datafield ind1=" " ind2=" " tag="010"><subfield code="a">sn 91066179 </subfield></datafield><datafield ind1=" " ind2=" " tag="040"><subfield code="a">NYS</subfield><subfield code="b">eng</subfield><subfield code="c">NYS</subfield><subfield code="d">OCLCQ</subfield></datafield><datafield ind1=" " ind2=" " tag="042"><subfield code="a">msc</subfield></datafield><datafield ind1="0" ind2="0" tag="245"><subfield code="a">Tompkins Chemung bulletin.</subfield></datafield><datafield ind1="3" ind2="0" tag="246"><subfield code="a">TCB, Tompkins Chemung bulletin</subfield></datafield><datafield ind1="1" ind2="7" tag="246"><subfield code="a">TCB</subfield></datafield><datafield ind1=" " ind2=" " tag="260"><subfield code="a">Ithaca, N.Y. ;</subfield><subfield code="a">Elmira, N.Y. :</subfield><subfield code="b">[s.n.]</subfield></datafield><datafield ind1=" " ind2=" " tag="300"><subfield code="a">v. ;</subfield><subfield code="c">43 cm.</subfield></datafield><datafield ind1=" " ind2=" " tag="310"><subfield code="a">Biweekly (except during Aug., the last two weeks of Dec. and first two weeks Jan.),</subfield><subfield code="b">Jan. 20, 1971-1972</subfield></datafield><datafield ind1=" " ind2=" " tag="321"><subfield code="a">Weekly,</subfield><subfield code="b">July 3-Dec. 16, 1970</subfield></datafield><datafield ind1="0" ind2=" " tag="362"><subfield code="a">Vol. 1, no. 1 (July 3, 1970)-v. 3, no. 5 (Oct. 4/17, 1972).</subfield></datafield><datafield ind1=" " ind2=" " tag="500"><subfield code="a">"Taking care of business."</subfield></datafield><datafield ind1=" " ind2="4" tag="651"><subfield code="a">Ithaca (N.Y.)</subfield><subfield code="v">Newspapers.</subfield></datafield><datafield ind1=" " ind2="4" tag="651"><subfield code="a">Elmira (N.Y.)</subfield><subfield code="v">Newspapers.</subfield></datafield><datafield ind1=" " ind2=" " tag="752"><subfield code="a">United States</subfield><subfield code="b">New York</subfield><subfield code="c">Tompkins</subfield><subfield code="d">Ithaca.</subfield></datafield><datafield ind1=" " ind2=" " tag="752"><subfield code="a">United States</subfield><subfield code="b">New York</subfield><subfield code="c">Chemung</subfield><subfield code="d">Elmira.</subfield></datafield><datafield ind1="0" ind2="0" tag="785"><subfield code="t">Tompkins County bulletin</subfield><subfield code="w">(DLC)sn 91066180</subfield><subfield code="w">(OCoLC)23231987</subfield></datafield><datafield ind1="1" ind2=" " tag="029"><subfield code="a">AU@</subfield><subfield code="b">000025904656</subfield></datafield></record>